@book{TanenbaumWoodhull08,
  address = {Upper Saddle River, NJ},
  author = {Andrew S. Tanenbaum and Albert S. Woodhull},
  edition = {3.},
  interhash = {e6807fd00da711a229ce8f771be9f08e},
  intrahash = {c29ad7b534ea5a28b027f57ae6704f6b},
  publisher = {Pearson},
  title = {Operating Systems Design and Implementation},
  year = 2008,
  keywords = {computer os software development v1002 book unix},
  file = {Pearson Product page:http\://www.pearsoned.co.uk/bookshop/detail.asp?item=100000000293034:URL;Amazon Search inside:http\://www.amazon.de/gp/reader/0135053765/:URL;GoogleBooks:http\://books.google.de/books?isbn=978-0-13-505376-8:URL},
  isbn = {978-0-13-505376-8},
  biburl = {http://www.bibsonomy.org/bibtex/2c29ad7b534ea5a28b027f57ae6704f6b/flint63},
  abstract = {For introductory courses on computer operating systems. Revised to address the latest version of MINIX (MINIX 3), this streamlined, simplified new edition remains the only operating systems text to first explain relevant principles, then demonstrate their applications using a Unix-like operating system as a detailed example. It has been especially designed for high reliability, for use in embedded systems, and for ease of teaching.}
}
@book{pat94,
  address = {San Francisco, California},
  author = {David A. Patterson and John L. Hennessy},
  interhash = {cfc09653a27b5c61e85ce7560978b0aa},
  intrahash = {605001048c890a7629d5d0b46b9ca620},
  publisher = {Morgan Kaufmann Publishers},
  title = {Computer Organization \& Design: The Hardware/Software Interface},
  year = 1994,
  index = {MIPS, RISC},
  keywords = {imported},
  description = {dret'd bibliography},
  isbn = {1558602828},
  biburl = {http://www.bibsonomy.org/bibtex/2605001048c890a7629d5d0b46b9ca620/dret},
  src = {BP}
}